<?xml version="1.0" encoding="UTF-8"?><record xmlns="http://www.loc.gov/MARC21/slim" xmlns:cinclude="http://apache.org/cocoon/include/1.0" xmlns:zs="http://www.loc.gov/zing/srw/">
  <leader>00638cz  a2200157n  4500</leader>
  <controlfield tag="001">n  85815097 </controlfield>
  <controlfield tag="003">DLC</controlfield>
  <controlfield tag="005">20080620073951.0</controlfield>
  <controlfield tag="008">850911n| acannaabn          |a aaa     c</controlfield>
  <datafield tag="010" ind1=" " ind2=" ">
    <subfield code="a">n  85815097 </subfield>
  </datafield>
  <datafield tag="035" ind1=" " ind2=" ">
    <subfield code="a">(OCoLC)oca01384991</subfield>
  </datafield>
  <datafield tag="040" ind1=" " ind2=" ">
    <subfield code="a">ICU</subfield>
    <subfield code="b">eng</subfield>
    <subfield code="c">ICU</subfield>
    <subfield code="d">OCoLC</subfield>
  </datafield>
  <datafield tag="100" ind1="1" ind2=" ">
    <subfield code="a">Mitchell, H. H.</subfield>
    <subfield code="q">(Harold Hanson),</subfield>
    <subfield code="d">1886-1966</subfield>
  </datafield>
  <datafield tag="400" ind1="1" ind2=" ">
    <subfield code="w">nna</subfield>
    <subfield code="a">Mitchell, Harold Hanson,</subfield>
    <subfield code="d">1886-1966</subfield>
  </datafield>
  <datafield tag="670" ind1=" " ind2=" ">
    <subfield code="a">LCCN 62-13115: His Comparative nutrition of man and domestic animals, 1962, i.e. 1963-64</subfield>
    <subfield code="b">(hdg.: Mitchell, Harold Hanson, 1886-1966; usage: H.H. Mitchell)</subfield>
  </datafield>
  <datafield tag="670" ind1=" " ind2=" ">
    <subfield code="a">LC data base, 7-19-85</subfield>
    <subfield code="b">(hdg.: Mitchell, Harold Hanson, 1886-1966; usage: Mitchell)</subfield>
  </datafield>
</record>